<record><leader>00000cas a2200000Ma 4500</leader><controlfield tag="001">210835054</controlfield><controlfield tag="008">830902d18561924miuwr ne      0    0eng  </controlfield><datafield ind1=" " ind2=" " tag="010"><subfield code="a">sn 83016514 </subfield></datafield><datafield ind1=" " ind2=" " tag="040"><subfield code="a">DLC</subfield><subfield code="b">eng</subfield><subfield code="c">AQM</subfield><subfield code="d">OCLCQ</subfield></datafield><datafield ind1="0" ind2=" " tag="130"><subfield code="a">Clinton Republican (Saint Johns, Mich. : 1856)</subfield></datafield><datafield ind1="1" ind2="4" tag="245"><subfield code="a">The Clinton Republican.</subfield></datafield><datafield ind1=" " ind2=" " tag="260"><subfield code="a">Saint Johns, Mich. :</subfield><subfield code="b">Hilton &amp; Smith</subfield></datafield><datafield ind1=" " ind2=" " tag="300"><subfield code="a">v. ;</subfield><subfield code="c">66 cm.</subfield></datafield><datafield ind1=" " ind2=" " tag="310"><subfield code="a">Weekly</subfield></datafield><datafield ind1="1" ind2=" " tag="362"><subfield code="a">Began in 1856; ceased with Apr. 24, 1924 issue.</subfield><subfield code="z">Cf. Amer. newspapers, 1821-1936, W. Amer. newspapers.</subfield></datafield><datafield ind1=" " ind2=" " tag="500"><subfield code="a">Editors: Hilton &amp; Smith, &lt;1865&gt;; A.H. Herron, &lt;1873&gt;.</subfield></datafield><datafield ind1=" " ind2=" " tag="500"><subfield code="a">Publishers: Hilton &amp; Smith, &lt;1865&gt;; P.M. Phillips, &lt;1870&gt;; H.S. Hilton, &lt;1865&gt;.</subfield></datafield><datafield ind1=" " ind2=" " tag="500"><subfield code="a">Republican. Cf. Ayer, 1924.</subfield></datafield><datafield ind1=" " ind2=" " tag="588"><subfield code="a">Description based on: Vol. 10, no. 30 (Dec. 22, 1865).</subfield></datafield><datafield ind1=" " ind2="7" tag="655"><subfield code="a">Newspapers.</subfield><subfield code="2">rbgenr</subfield></datafield><datafield ind1=" " ind2=" " tag="752"><subfield code="a">United States</subfield><subfield code="b">Michigan</subfield><subfield code="c">Clinton</subfield><subfield code="d">Saint Johns.</subfield></datafield><datafield ind1="0" ind2="7" tag="785"><subfield code="t">Saint Johns news</subfield></datafield><datafield ind1="0" ind2="7" tag="785"><subfield code="t">Clinton County Republican-news</subfield></datafield></record>